@Misc{combinatoricswiki,
title = {The Degree Diameter Problem for General Graphs},
note = "\url{http://combinatoricswiki.org/wiki/The_Degree_Diameter_Problem_for_General_Graphs}",
}

@Misc{graphgolf,
title = {Graph Golf, The Order/degree Problem Competition},
note = "\url{http://research.nii.ac.jp/graphgolf/}",
}

@Misc{nextpaper,
  author = "Yawara Ishida and Ryosuke Mizuno",
  title = "A graph of diameter 2 for the order-degree Problem",
  note = "in prepared",
}

@Article{MilSir2005,
  author =	"M. Miller and J. \v{S}ir\'a\v{n}",
  title =	"Moore graphs and beyond: a survey of the
		 degree/diameter problem",
  journal =	"The Electronic Journal of Combinatorics",
  year = 	"2005",
  number =	"DS14",
}

@article{brown1966graphs,
  title={On graphs that do not contain a Thomsen graph},
  author={Brown, William G},
  journal={Canad. Math. Bull},
  volume={9},
  number={2},
  pages={1--2},
  year={1966}
}

@Article{journals/networks/ErdosFH80,
  title =	"Maximum degree in graphs of diameter 2",
  author =	"Paul Erd{\"o}s and Siemion Fajtlowicz and Alan J.
		 Hoffman",
  journal =	"Networks",
  year = 	"1980",
  number =	"1",
  volume =	"10",
  bibdate =	"2013-01-25",
  bibsource =	"DBLP,
		 http://dblp.uni-trier.de/db/journals/networks/networks10.html#ErdosFH80",
  pages =	"87--90",
  URL =  	"http://dx.doi.org/10.1002/net.3230100109",
}

@article{gbc,
  title={A Generalization of Brown's Construction for the Degree/Diameter Problem},
  author={Ishida, Yawara},
  journal={arXiv preprint arXiv:1512.08961},
  year={2015}
}

@article{bermond1982large,
  title={Large graphs with given degree and diameter III},
  author={Bermond, Jean-Claude and Delorme, Charles and Farhi, G},
  journal={North-Holland Mathematics Studies},
  volume={62},
  pages={23--31},
  year={1982},
  publisher={Elsevier}
}

@article{bruijn1946combinatorial,
  title={A combinatorial problem},
  author={Bruijn, de NG},
  journal={Proceedings of the Koninklijke Nederlandse Akademie van Wetenschappen. Series A},
  volume={49},
  number={7},
  pages={758},
  year={1946}
}

@article{good1946normal,
  title={Normal recurring decimals},
  author={Good, Irwin John},
  journal={Journal of the London Mathematical Society},
  volume={1},
  number={3},
  pages={167--169},
  year={1946},
  publisher={Oxford University Press}
}

@article{hoffman1960moore,
  title={On Moore graphs with diameters 2 and 3},
  author={Hoffman, Alan J and Singleton, Robert R},
  journal={IBM Journal of Research and Development},
  volume={4},
  number={5},
  pages={497--504},
  year={1960},
  publisher={IBM}
}

@inproceedings{damerell1973moore,
  title={on Moore graphs},
  author={Damerell, RM},
  booktitle={Mathematical Proceedings of the Cambridge Philosophical Society},
  volume={74},
  number={02},
  pages={227--236},
  year={1973},
  organization={Cambridge Univ Press}
}

@MISC{Loz08newrecord,
    author = {Eyal Loz and Jozef Siráň},
    title = { New record graphs in the degree-diameter problem},
    year = {2008}
}
